@article{mainpaper,
  title={An elementary proof of a theorem of Johnson and Lindenstrauss},
  author={Dasgupta, Sanjoy and Gupta, Anupam},
  journal={Random Structures \& Algorithms},
  volume={22},
  number={1},
  pages={60--65},
  year={2003},
  publisher={Wiley Online Library}
}
@article{oldpaper,
  title={Extensions of Lipschitz mappings into a Hilbert space},
  author={Johnson, William B and Lindenstrauss, Joram},
  journal={Contemporary mathematics},
  volume={26},
  number={189-206},
  pages={1},
  year={1984}
}
